%Remember to remove the dummy citation!!! 

@BOOK{DUMMY:1,
AUTHOR="John Doe",
TITLE="The Book without Title",
PUBLISHER="Dummy Publisher",
YEAR="2100",
}


@misc{keyes_2021,
  title = {{Formatting your CV in LaTeX}},
  howpublished = {{https://blogs.ams.org/mathgradblog/2021/10/08/formatting-your-cv-in-latex/}},
  note = {Accessed: 2022-26-02},
  year={2021},
  month={Oct},
  author={Keyes, Christopher}
}

@misc{given_data,
  title = {{Remote Work: Fad or Future, MathWorks Math Modeling Challenge 2022}},
  howpublished = {{https://m3challenge.siam.org/node/559}},
  note = {Accessed: 2022-26-02},
  year={2022},
  month={Feb},
  author={SIAM}
}

@misc{ONS,
  title = {{Business and individual attitudes towards the future of homeworking, UK Business and individual attitudes towards the future of homeworking, UK: April to May 2021}},
  howpublished = {{https://www.ons.gov.uk/employmentandlabourmarket/peopleinwork/
  employmentandemployeetypes/articles/businessandindividualattitudestowardsthefutureofhomeworkinguk/apriltomay2021}},
  note = {Accessed: 2022-26-02},
  year={2021},
  month={Jun},
  author={Office for National Statistics}
}

@misc{CBS,
  title = {{Most Americans want to keep working remotely or at home as part of work schedule
}},
  howpublished = {{https://www.cbsnews.com/news/americans-want-keep-working-remotely-at-home-work-schedule/}},
  note = {Accessed: 2022-26-02},
  year={2021},
  month={Apr},
  author={CBS News}
}

@misc{ONS2,
  title = {{Homeworking in the UK, work from home status}},
  howpublished = {{https://www.ons.gov.uk/employmentandlabourmarket/peopleinwork/
  labourproductivity/datasets/
  homeworkingintheukworkfromhomestatus}},
  note = {Accessed: 2022-26-02},
  year={2021},
  month={Apr},
  author={Office for National Statistics}
}
@misc{VOXEU,
  title = {{Working from home is revolutionising the UK labour market}},
  howpublished = {{https://voxeu.org/article/working-home-revolutionising-uk-labour-market}},
  note = {Accessed: 2022-26-02},
  year={2021},
  month={Mar},
  author={Shivani Taneja, Paul Mizen, Nicholas Bloom}
}


@misc{ONSGroup,
  title = {{UK SIC 2007}},
  howpublished = {{https://www.ons.gov.uk/methodology/
  classificationsandstandards/
  ukstandardindustrialclassificationofeconomicactivities/
  uksic2007}},
  note = {Accessed: 2022-26-02},
  year={2007},
  author={Office for National Statistics}
}

@misc{ONS3,
  title = {{Coronavirus (COVID-19) latest insights: Lifestyle}},
  howpublished = {{https://www.ons.gov.uk/peoplepopulationandcommunity/
  healthandsocialcare/conditionsanddiseases/articles/coronaviruscovid19latestinsights/lifestyle#homeworking}},
  note = {Accessed: 2022-26-02},
  year={2022},
  month={Feb},
  author={Office for National Statistics}
}



@misc{ONS3,
  title = {{The Barry Story}},
  howpublished = {{https://www.valeofglamorgan.gov.uk/Documents
  /Working/Regeneration/Economic-Development/The-Barry-Story.pdf}},
  note = {Accessed: 2022-26-02},
  author={Vale of Glamorgan}
}

@misc{Forbes,
  title = {{What Percentage Of Workers Can Realistically Work From Home? New Data From Norway Offer Clues}},
  howpublished = {{https://www.forbes.com/sites/traversmark/
  2020/04/24/what-percentage-of-workers-can-realistically-work-
  from-home-new-data-from-norway-offer-clues/?sh=377f0ebe78fe}},
  note = {Accessed: 2022-26-02},
  year={2020},
  month={Apr},
  author={Mark Travers, Forbes}
}


@misc{eduStats,
  title = {{School workforce in England}},
  howpublished = {{https://explore-education-statistics.
  service.gov.uk/find-statistics/school-workforce-in-england}},
  note = {Accessed: 2022-26-02},
  year={2020},
  author={UK-Gov}
}

@misc{eduStats2,
  title = {{Number of health and care workers in England and Wales for 2019 and 2020}},
  howpublished = {{https://www.ons.gov.uk/peoplepopulationandcommunity/
  healthandsocialcare/healthcaresystem/adhocs/
  13339numberofhealthandcareworkersinenglandandwalesfor2019and2020}},
  note = {Accessed: 2022-26-02},
  year={2021},
  author={UK-Gov}
}
